<?xml version="1.0" encoding="UTF-8"?> <BCE:Balanza xmlns:BCE="www.sat.gob.mx/esquemas/ContabilidadE/1_1/BalanzaComprobacion" xmlns:xsi="http://www.w3.org/2001/XMLSchema-instance" xsi:schemaLocation="www.sat.gob.mx/esquemas/ContabilidadE/1_1/BalanzaComprobacion http://www.sat.gob.mx/esquemas/ContabilidadE/1_1/BalanzaComprobacion/BalanzaComprobacion_1_1.xsd" Version="1.1" RFC="AUVF891001L34" Mes="01" Anio="2015" TipoEnvio="N"> <BCE:Ctas NumCta="100001001" SaldoIni="0" Debe="0.0" Haber="0.0" SaldoFin="0"/> <BCE:Ctas NumCta="100001002" SaldoIni="0.0100000000002183" Debe="0.0" Haber="0.0" SaldoFin="0.0100000000002183"/> <BCE:Ctas NumCta="100001003" SaldoIni="0" Debe="0.0" Haber="0.0" SaldoFin="0"/> <BCE:Ctas NumCta="100001004" SaldoIni="0.000000000116415321826935" Debe="0.0" Haber="0.0" SaldoFin="0.000000000116415321826935"/> <BCE:Ctas NumCta="100001005" SaldoIni="0" Debe="0.0" Haber="0.0" SaldoFin="0"/> <BCE:Ctas NumCta="100002001" SaldoIni="-2269205.04" Debe="0.0" Haber="0.0" SaldoFin="-2504627.29"/> <BCE:Ctas NumCta="100002002" SaldoIni="0" Debe="0.0" Haber="0.0" SaldoFin="0"/> <BCE:Ctas NumCta="100002003" SaldoIni="-0.00000000000363797880709171" Debe="0.0" Haber="0.0" SaldoFin="-0.00000000000363797880709171"/> <BCE:Ctas NumCta="100002004" SaldoIni="0" Debe="0.0" Haber="0.0" SaldoFin="0"/> <BCE:Ctas NumCta="100002005" SaldoIni="0" Debe="0.0" Haber="0.0" SaldoFin="0"/> <BCE:Ctas NumCta="100002006" SaldoIni="0" Debe="0.0" Haber="0.0" SaldoFin="0"/> <BCE:Ctas NumCta="100002007" SaldoIni="273400" Debe="0.0" Haber="0.0" SaldoFin="273400"/> <BCE:Ctas NumCta="100003001" SaldoIni="-2642789.18" Debe="0.0" Haber="0.0" SaldoFin="-775123.95"/> <BCE:Ctas NumCta="100004001" SaldoIni="-11498.61" Debe="0.0" Haber="0.0" SaldoFin="-5466.610000000001"/> <BCE:Ctas NumCta="100004002" SaldoIni="10753.27" Debe="0.0" Haber="0.0" SaldoFin="10753.27"/> <BCE:Ctas NumCta="100004003" SaldoIni="6000" Debe="0.0" Haber="0.0" SaldoFin="6000"/> <BCE:Ctas NumCta="100004004" SaldoIni="0" Debe="0.0" Haber="0.0" SaldoFin="0"/> <BCE:Ctas NumCta="100004005" SaldoIni="0" Debe="0.0" Haber="0.0" SaldoFin="0"/> <BCE:Ctas NumCta="100004006" SaldoIni="34000" Debe="0.0" Haber="0.0" SaldoFin="34000"/> <BCE:Ctas NumCta="100004007" SaldoIni="0" Debe="0.0" Haber="0.0" SaldoFin="0"/> <BCE:Ctas NumCta="100004008" SaldoIni="6999.79" Debe="0.0" Haber="0.0" SaldoFin="6999.79"/> <BCE:Ctas NumCta="100004009" SaldoIni="0" Debe="0.0" Haber="0.0" SaldoFin="0"/> <BCE:Ctas NumCta="100004010" SaldoIni="-0.0000000000000364153152077051" Debe="0.0" Haber="0.0" SaldoFin="-0.0000000000000364153152077051"/> <BCE:Ctas NumCta="100004011" SaldoIni="47585.54" Debe="0.0" Haber="0.0" SaldoFin="47585.54"/> <BCE:Ctas NumCta="100004012" SaldoIni="14400" Debe="0.0" Haber="0.0" SaldoFin="14400"/> <BCE:Ctas NumCta="100004013" SaldoIni="19662.87" Debe="0.0" Haber="0.0" SaldoFin="19662.87"/> <BCE:Ctas NumCta="100004014" SaldoIni="0" Debe="0.0" Haber="0.0" SaldoFin="0"/> <BCE:Ctas NumCta="100004015" SaldoIni="51512.79" Debe="0.0" Haber="0.0" SaldoFin="51512.79"/> <BCE:Ctas NumCta="100004016" SaldoIni="0" Debe="0.0" Haber="0.0" SaldoFin="0"/> <BCE:Ctas NumCta="100004017" SaldoIni="5000" Debe="0.0" Haber="0.0" SaldoFin="5000"/> <BCE:Ctas NumCta="100004018" SaldoIni="50656.83" Debe="0.0" Haber="0.0" SaldoFin="50656.83"/> <BCE:Ctas NumCta="100004019" SaldoIni="0" Debe="0.0" Haber="0.0" SaldoFin="0"/> <BCE:Ctas NumCta="100004020" SaldoIni="0" Debe="0.0" Haber="0.0" SaldoFin="0"/> <BCE:Ctas NumCta="100004021" SaldoIni="-200000" Debe="0.0" Haber="0.0" SaldoFin="-165000"/> <BCE:Ctas NumCta="100004022" SaldoIni="20000" Debe="0.0" Haber="0.0" SaldoFin="20000"/> <BCE:Ctas NumCta="100004023" SaldoIni="4999.469999999999" Debe="0.0" Haber="0.0" SaldoFin="4999.469999999999"/> <BCE:Ctas NumCta="100004024" SaldoIni="20000" Debe="0.0" Haber="0.0" SaldoFin="20000"/> <BCE:Ctas NumCta="100004025" SaldoIni="3000" Debe="0.0" Haber="0.0" SaldoFin="3000"/> <BCE:Ctas NumCta="100004026" SaldoIni="49000" Debe="0.0" Haber="0.0" SaldoFin="49000"/> <BCE:Ctas NumCta="100004027" SaldoIni="0" Debe="0.0" Haber="0.0" SaldoFin="-100000"/> <BCE:Ctas NumCta="100004028" SaldoIni="0" Debe="0.0" Haber="0.0" SaldoFin="0"/> <BCE:Ctas NumCta="100005001" SaldoIni="-126484.46999999999" Debe="0.0" Haber="0.0" SaldoFin="-103703.28999999995"/> <BCE:Ctas NumCta="100005002" SaldoIni="198137.56000000003" Debe="0.0" Haber="0.0" SaldoFin="353004.98000000004"/> <BCE:Ctas NumCta="100006001" SaldoIni="-208293.92999999996" Debe="0.0" Haber="0.0" SaldoFin="-370225.4099999999"/> <BCE:Ctas NumCta="100007001" SaldoIni="0" Debe="0.0" Haber="0.0" SaldoFin="0"/> <BCE:Ctas NumCta="100007002" SaldoIni="22936" Debe="0.0" Haber="0.0" SaldoFin="22936"/> <BCE:Ctas NumCta="100007003" SaldoIni="0" Debe="0.0" Haber="0.0" SaldoFin="0"/> <BCE:Ctas NumCta="100007004" SaldoIni="0" Debe="0.0" Haber="0.0" SaldoFin="0"/> <BCE:Ctas NumCta="100007005" SaldoIni="0" Debe="0.0" Haber="0.0" SaldoFin="0"/> <BCE:Ctas NumCta="100007006" SaldoIni="0" Debe="0.0" Haber="0.0" SaldoFin="0"/> <BCE:Ctas NumCta="100007007" SaldoIni="455612.77" Debe="0.0" Haber="0.0" SaldoFin="455612.77"/> <BCE:Ctas NumCta="100008001" SaldoIni="0" Debe="0.0" Haber="0.0" SaldoFin="0"/> <BCE:Ctas NumCta="110001001" SaldoIni="77269.22" Debe="0.0" Haber="0.0" SaldoFin="77269.22"/> <BCE:Ctas NumCta="110001002" SaldoIni="0" Debe="0.0" Haber="0.0" SaldoFin="0"/> <BCE:Ctas NumCta="110001003" SaldoIni="0" Debe="0.0" Haber="0.0" SaldoFin="0"/> <BCE:Ctas NumCta="110001004" SaldoIni="0" Debe="0.0" Haber="0.0" SaldoFin="0"/> <BCE:Ctas NumCta="110001005" SaldoIni="0" Debe="0.0" Haber="0.0" SaldoFin="0"/> <BCE:Ctas NumCta="110001006" SaldoIni="7854" Debe="0.0" Haber="0.0" SaldoFin="7854"/> <BCE:Ctas NumCta="110001007" SaldoIni="23846.66" Debe="0.0" Haber="0.0" SaldoFin="23846.66"/> <BCE:Ctas NumCta="110002001" SaldoIni="-14327.11" Debe="0.0" Haber="0.0" SaldoFin="-14327.11"/> <BCE:Ctas NumCta="110003001" SaldoIni="195552.14" Debe="0.0" Haber="0.0" SaldoFin="196308.17"/> <BCE:Ctas NumCta="110003002" SaldoIni="3835.35" Debe="0.0" Haber="0.0" SaldoFin="3835.35"/> <BCE:Ctas NumCta="110003003" SaldoIni="0" Debe="0.0" Haber="0.0" SaldoFin="0"/> <BCE:Ctas NumCta="110003004" SaldoIni="4204.35" Debe="0.0" Haber="0.0" SaldoFin="4204.35"/> <BCE:Ctas NumCta="110003005" SaldoIni="11425.17" Debe="0.0" Haber="0.0" SaldoFin="11425.17"/> <BCE:Ctas NumCta="110003006" SaldoIni="55755.04" Debe="0.0" Haber="0.0" SaldoFin="55755.04"/> <BCE:Ctas NumCta="110003007" SaldoIni="20894.69" Debe="0.0" Haber="0.0" SaldoFin="20894.69"/> <BCE:Ctas NumCta="110003008" SaldoIni="31417.41" Debe="0.0" Haber="0.0" SaldoFin="31417.41"/> <BCE:Ctas NumCta="110003009" SaldoIni="47752.95" Debe="0.0" Haber="0.0" SaldoFin="47752.95"/> <BCE:Ctas NumCta="110003010" SaldoIni="11205.17" Debe="0.0" Haber="0.0" SaldoFin="11205.17"/> <BCE:Ctas NumCta="110003011" SaldoIni="24998.28" Debe="0.0" Haber="0.0" SaldoFin="24998.28"/> <BCE:Ctas NumCta="110004001" SaldoIni="-113777.93" Debe="0.0" Haber="0.0" SaldoFin="-113777.93"/> <BCE:Ctas NumCta="110005001" SaldoIni="25000" Debe="0.0" Haber="0.0" SaldoFin="25000"/> <BCE:Ctas NumCta="110005002" SaldoIni="1" Debe="0.0" Haber="0.0" SaldoFin="1"/> <BCE:Ctas NumCta="110005003" SaldoIni="925086.21" Debe="0.0" Haber="0.0" SaldoFin="925086.21"/> <BCE:Ctas NumCta="110006001" SaldoIni="-1041.67" Debe="0.0" Haber="0.0" SaldoFin="-1041.67"/> <BCE:Ctas NumCta="121001001" SaldoIni="27000.21" Debe="0.0" Haber="0.0" SaldoFin="27000.21"/> <BCE:Ctas NumCta="121001002" SaldoIni="5000" Debe="0.0" Haber="0.0" SaldoFin="5000"/> <BCE:Ctas NumCta="121001003" SaldoIni="0" Debe="0.0" Haber="0.0" SaldoFin="23333"/> <BCE:Ctas NumCta="200001001" SaldoIni="1318809.3199999996" Debe="0.0" Haber="0.0" SaldoFin="1079246.4900000002"/> <BCE:Ctas NumCta="200002001" SaldoIni="0" Debe="0.0" Haber="0.0" SaldoFin="0"/> <BCE:Ctas NumCta="200002002" SaldoIni="-430872.25" Debe="0.0" Haber="0.0" SaldoFin="-430872.25"/> <BCE:Ctas NumCta="200002003" SaldoIni="-69000" Debe="0.0" Haber="0.0" SaldoFin="-69000"/> <BCE:Ctas NumCta="200002004" SaldoIni="0" Debe="0.0" Haber="0.0" SaldoFin="0"/> <BCE:Ctas NumCta="200002005" SaldoIni="0" Debe="0.0" Haber="0.0" SaldoFin="0"/> <BCE:Ctas NumCta="200002006" SaldoIni="0" Debe="0.0" Haber="0.0" SaldoFin="0"/> <BCE:Ctas NumCta="200002007" SaldoIni="0" Debe="0.0" Haber="0.0" SaldoFin="0"/> <BCE:Ctas NumCta="200002008" SaldoIni="-3318.57" Debe="0.0" Haber="0.0" SaldoFin="-3318.57"/> <BCE:Ctas NumCta="200002009" SaldoIni="-548927.32" Debe="0.0" Haber="0.0" SaldoFin="-581927.32"/> <BCE:Ctas NumCta="200002010" SaldoIni="0" Debe="0.0" Haber="0.0" SaldoFin="9000"/> <BCE:Ctas NumCta="200002011" SaldoIni="0" Debe="0.0" Haber="0.0" SaldoFin="0"/> <BCE:Ctas NumCta="200002012" SaldoIni="116000" Debe="0.0" Haber="0.0" SaldoFin="116000"/> <BCE:Ctas NumCta="200002013" SaldoIni="16038.99" Debe="0.0" Haber="0.0" SaldoFin="16038.99"/> <BCE:Ctas NumCta="200002014" SaldoIni="155340.51000000004" Debe="0.0" Haber="0.0" SaldoFin="149014.26000000007"/> <BCE:Ctas NumCta="200002015" SaldoIni="-465070.34" Debe="0.0" Haber="0.0" SaldoFin="-730070.3400000001"/> <BCE:Ctas NumCta="200002016" SaldoIni="30000" Debe="0.0" Haber="0.0" SaldoFin="30000"/> <BCE:Ctas NumCta="200002017" SaldoIni="-150881.61" Debe="0.0" Haber="0.0" SaldoFin="-150881.61"/> <BCE:Ctas NumCta="200002018" SaldoIni="-1239129.31" Debe="0.0" Haber="0.0" SaldoFin="-1392232.76"/> <BCE:Ctas NumCta="200002019" SaldoIni="0" Debe="0.0" Haber="0.0" SaldoFin="-23333"/> <BCE:Ctas NumCta="200002020" SaldoIni="0" Debe="0.0" Haber="0.0" SaldoFin="-166000"/> <BCE:Ctas NumCta="200003001" SaldoIni="-300" Debe="0.0" Haber="0.0" SaldoFin="-300"/> <BCE:Ctas NumCta="200003002" SaldoIni="-3094.3" Debe="0.0" Haber="0.0" SaldoFin="-6276.81"/> <BCE:Ctas NumCta="200003003" SaldoIni="-2600" Debe="0.0" Haber="0.0" SaldoFin="-5583.4"/> <BCE:Ctas NumCta="200003004" SaldoIni="0" Debe="0.0" Haber="0.0" SaldoFin="0"/> <BCE:Ctas NumCta="200003005" SaldoIni="0" Debe="0.0" Haber="0.0" SaldoFin="0"/> <BCE:Ctas NumCta="200003006" SaldoIni="0" Debe="0.0" Haber="0.0" SaldoFin="0"/> <BCE:Ctas NumCta="200003007" SaldoIni="-99786" Debe="0.0" Haber="0.0" SaldoFin="-99786"/> <BCE:Ctas NumCta="200003008" SaldoIni="0" Debe="0.0" Haber="0.0" SaldoFin="0"/> <BCE:Ctas NumCta="200004001" SaldoIni="334085.24000000005" Debe="0.0" Haber="0.0" SaldoFin="81578.65000000002"/> <BCE:Ctas NumCta="200004002" SaldoIni="80869.05" Debe="0.0" Haber="0.0" SaldoFin="46344.840000000004"/> <BCE:Ctas NumCta="200005001" SaldoIni="0" Debe="0.0" Haber="0.0" SaldoFin="0"/> <BCE:Ctas NumCta="300001001" SaldoIni="-182100" Debe="0.0" Haber="0.0" SaldoFin="-182100"/> <BCE:Ctas NumCta="300001002" SaldoIni="0" Debe="0.0" Haber="0.0" SaldoFin="0"/> <BCE:Ctas NumCta="300001003" SaldoIni="-54000" Debe="0.0" Haber="0.0" SaldoFin="-54000"/> <BCE:Ctas NumCta="300001004" SaldoIni="-14750" Debe="0.0" Haber="0.0" SaldoFin="-14750"/> <BCE:Ctas NumCta="300001005" SaldoIni="-45000" Debe="0.0" Haber="0.0" SaldoFin="-45000"/> <BCE:Ctas NumCta="300003001" SaldoIni="82032.2" Debe="0.0" Haber="0.0" SaldoFin="82032.2"/> <BCE:Ctas NumCta="300003002" SaldoIni="160500.73" Debe="0.0" Haber="0.0" SaldoFin="160500.73"/> <BCE:Ctas NumCta="300003003" SaldoIni="-231583.07" Debe="0.0" Haber="0.0" SaldoFin="-231583.07"/> <BCE:Ctas NumCta="300003004" SaldoIni="657902.94" Debe="0.0" Haber="0.0" SaldoFin="657902.94"/> <BCE:Ctas NumCta="300003005" SaldoIni="778177.74" Debe="0.0" Haber="0.0" SaldoFin="778177.74"/> <BCE:Ctas NumCta="300003006" SaldoIni="517823.51" Debe="0.0" Haber="0.0" SaldoFin="517823.51"/> <BCE:Ctas NumCta="300003007" SaldoIni="-504689.51" Debe="0.0" Haber="0.0" SaldoFin="-504689.51"/> <BCE:Ctas NumCta="300003008" SaldoIni="-604" Debe="0.0" Haber="0.0" SaldoFin="-604"/> <BCE:Ctas NumCta="300003009" SaldoIni="12785" Debe="0.0" Haber="0.0" SaldoFin="12785"/> <BCE:Ctas NumCta="300003010" SaldoIni="-216680.29" Debe="0.0" Haber="0.0" SaldoFin="-216680.29"/> <BCE:Ctas NumCta="300003011" SaldoIni="327321.95" Debe="0.0" Haber="0.0" SaldoFin="327321.95"/> <BCE:Ctas NumCta="300003012" SaldoIni="-275288.47" Debe="0.0" Haber="0.0" SaldoFin="-275288.47"/> <BCE:Ctas NumCta="300003013" SaldoIni="853168.7899999999" Debe="0.0" Haber="0.0" SaldoFin="853168.7899999999"/> <BCE:Ctas NumCta="300003014" SaldoIni="0" Debe="0.0" Haber="0.0" SaldoFin="0"/> <BCE:Ctas NumCta="300004001" SaldoIni="0" Debe="0.0" Haber="0.0" SaldoFin="0"/> <BCE:Ctas NumCta="300004002" SaldoIni="-476211.46" Debe="0.0" Haber="0.0" SaldoFin="-476211.46"/> <BCE:Ctas NumCta="300005001" SaldoIni="0" Debe="0.0" Haber="0.0" SaldoFin="0"/> <BCE:Ctas NumCta="300006001" SaldoIni="-982833" Debe="0.0" Haber="0.0" SaldoFin="-982833"/> <BCE:Ctas NumCta="400001001" SaldoIni="-7714329.91" Debe="0.0" Haber="0.0" SaldoFin="-7714329.91"/> <BCE:Ctas NumCta="400002001" SaldoIni="-4479054.95" Debe="0.0" Haber="0.0" SaldoFin="-4657527.390000001"/> <BCE:Ctas NumCta="400004001" SaldoIni="0" Debe="0.0" Haber="0.0" SaldoFin="0"/> <BCE:Ctas NumCta="400005001" SaldoIni="0" Debe="0.0" Haber="0.0" SaldoFin="0"/> <BCE:Ctas NumCta="400006001" SaldoIni="-72892.42" Debe="0.0" Haber="0.0" SaldoFin="-72892.42"/> <BCE:Ctas NumCta="400007001" SaldoIni="-808776.28" Debe="0.0" Haber="0.0" SaldoFin="-885834.66"/> <BCE:Ctas NumCta="410001001" SaldoIni="-46880.52" Debe="0.0" Haber="0.0" SaldoFin="-46880.52"/> <BCE:Ctas NumCta="410001002" SaldoIni="-652497.01" Debe="0.0" Haber="0.0" SaldoFin="-2190908.71"/> <BCE:Ctas NumCta="410001005" SaldoIni="27365.52" Debe="0.0" Haber="0.0" SaldoFin="27365.52"/> <BCE:Ctas NumCta="500001001" SaldoIni="0.04" Debe="0.0" Haber="0.0" SaldoFin="0.04"/> <BCE:Ctas NumCta="500001002" SaldoIni="0" Debe="0.0" Haber="0.0" SaldoFin="0"/> <BCE:Ctas NumCta="500001003" SaldoIni="0" Debe="0.0" Haber="0.0" SaldoFin="0"/> <BCE:Ctas NumCta="500001004" SaldoIni="0.0100000000093132" Debe="0.0" Haber="0.0" SaldoFin="0.0100000000093132"/> <BCE:Ctas NumCta="500001005" SaldoIni="0" Debe="0.0" Haber="0.0" SaldoFin="0"/> <BCE:Ctas NumCta="500001006" SaldoIni="0" Debe="0.0" Haber="0.0" SaldoFin="0"/> <BCE:Ctas NumCta="500001007" SaldoIni="0" Debe="0.0" Haber="0.0" SaldoFin="0"/> <BCE:Ctas NumCta="500001008" SaldoIni="-0.05" Debe="0.0" Haber="0.0" SaldoFin="-0.05"/> <BCE:Ctas NumCta="500001009" SaldoIni="0" Debe="0.0" Haber="0.0" SaldoFin="0"/> <BCE:Ctas NumCta="500001010" SaldoIni="316948.35" Debe="0.0" Haber="0.0" SaldoFin="316948.35"/> <BCE:Ctas NumCta="500001011" SaldoIni="21000" Debe="0.0" Haber="0.0" SaldoFin="29000"/> <BCE:Ctas NumCta="500001012" SaldoIni="0" Debe="0.0" Haber="0.0" SaldoFin="0"/> <BCE:Ctas NumCta="500001014" SaldoIni="0" Debe="0.0" Haber="0.0" SaldoFin="0"/> <BCE:Ctas NumCta="600001001" SaldoIni="0" Debe="0.0" Haber="0.0" SaldoFin="0"/> <BCE:Ctas NumCta="600001002" SaldoIni="0" Debe="0.0" Haber="0.0" SaldoFin="0"/> <BCE:Ctas NumCta="600001003" SaldoIni="13833.41" Debe="0.0" Haber="0.0" SaldoFin="13833.41"/> <BCE:Ctas NumCta="600001004" SaldoIni="75730.31" Debe="0.0" Haber="0.0" SaldoFin="85840.40999999999"/> <BCE:Ctas NumCta="600001005" SaldoIni="183137.49" Debe="0.0" Haber="0.0" SaldoFin="197753.14"/> <BCE:Ctas NumCta="600001006" SaldoIni="64281.9" Debe="0.0" Haber="0.0" SaldoFin="64281.9"/> <BCE:Ctas NumCta="600001007" SaldoIni="139119.83" Debe="0.0" Haber="0.0" SaldoFin="139119.83"/> <BCE:Ctas NumCta="600001009" SaldoIni="474714.29" Debe="0.0" Haber="0.0" SaldoFin="537875.38"/> <BCE:Ctas NumCta="600001010" SaldoIni="11835.07" Debe="0.0" Haber="0.0" SaldoFin="13443.94"/> <BCE:Ctas NumCta="600001011" SaldoIni="66585" Debe="0.0" Haber="0.0" SaldoFin="66585"/> <BCE:Ctas NumCta="600001014" SaldoIni="7848.36" Debe="0.0" Haber="0.0" SaldoFin="7848.36"/> <BCE:Ctas NumCta="600001015" SaldoIni="34710.93" Debe="0.0" Haber="0.0" SaldoFin="34710.93"/> <BCE:Ctas NumCta="600001016" SaldoIni="1041.67" Debe="0.0" Haber="0.0" SaldoFin="1041.67"/> <BCE:Ctas NumCta="600001018" SaldoIni="7786.21" Debe="0.0" Haber="0.0" SaldoFin="8072.42"/> <BCE:Ctas NumCta="600001019" SaldoIni="57741.52" Debe="0.0" Haber="0.0" SaldoFin="57741.52"/> <BCE:Ctas NumCta="600001020" SaldoIni="0" Debe="0.0" Haber="0.0" SaldoFin="0"/> <BCE:Ctas NumCta="600001021" SaldoIni="31160" Debe="0.0" Haber="0.0" SaldoFin="31160"/> <BCE:Ctas NumCta="600001022" SaldoIni="0" Debe="0.0" Haber="0.0" SaldoFin="0"/> <BCE:Ctas NumCta="600001023" SaldoIni="13628.859999999999" Debe="0.0" Haber="0.0" SaldoFin="13628.859999999999"/> <BCE:Ctas NumCta="600002001" SaldoIni="0" Debe="0.0" Haber="0.0" SaldoFin="0"/> <BCE:Ctas NumCta="600002002" SaldoIni="450422.06" Debe="0.0" Haber="0.0" SaldoFin="450422.06"/> <BCE:Ctas NumCta="600002003" SaldoIni="1588072.38" Debe="0.0" Haber="0.0" SaldoFin="1588072.38"/> <BCE:Ctas NumCta="600002004" SaldoIni="218090.24" Debe="0.0" Haber="0.0" SaldoFin="218090.24"/> <BCE:Ctas NumCta="600002005" SaldoIni="1409324.34" Debe="0.0" Haber="0.0" SaldoFin="1409324.34"/> <BCE:Ctas NumCta="600002006" SaldoIni="1139.4" Debe="0.0" Haber="0.0" SaldoFin="1139.4"/> <BCE:Ctas NumCta="600002007" SaldoIni="561159.35" Debe="0.0" Haber="0.0" SaldoFin="561159.35"/> <BCE:Ctas NumCta="600002008" SaldoIni="151275.87" Debe="0.0" Haber="0.0" SaldoFin="151275.87"/> <BCE:Ctas NumCta="600002009" SaldoIni="118357.54" Debe="0.0" Haber="0.0" SaldoFin="118357.54"/> <BCE:Ctas NumCta="600002010" SaldoIni="28380" Debe="0.0" Haber="0.0" SaldoFin="28380"/> <BCE:Ctas NumCta="600002011" SaldoIni="37034.28" Debe="0.0" Haber="0.0" SaldoFin="37034.28"/> <BCE:Ctas NumCta="600002012" SaldoIni="0" Debe="0.0" Haber="0.0" SaldoFin="0"/> <BCE:Ctas NumCta="600003001" SaldoIni="100000" Debe="0.0" Haber="0.0" SaldoFin="100000"/> <BCE:Ctas NumCta="600004001" SaldoIni="0" Debe="0.0" Haber="0.0" SaldoFin="0"/> <BCE:Ctas NumCta="600004002" SaldoIni="0" Debe="0.0" Haber="0.0" SaldoFin="0"/> <BCE:Ctas NumCta="600004003" SaldoIni="0" Debe="0.0" Haber="0.0" SaldoFin="0"/> <BCE:Ctas NumCta="600004004" SaldoIni="8050" Debe="0.0" Haber="0.0" SaldoFin="8050"/> <BCE:Ctas NumCta="600004005" SaldoIni="42037.3" Debe="0.0" Haber="0.0" SaldoFin="42037.3"/> <BCE:Ctas NumCta="600004006" SaldoIni="3851515.2199999997" Debe="0.0" Haber="0.0" SaldoFin="3872816.26"/> 
<BCE:Ctas NumCta="600004007" SaldoIni="340" Debe="0.0" Haber="0.0" SaldoFin="340"/> 
<BCE:Ctas NumCta="600004008" SaldoIni="25788.17" Debe="0.0" Haber="0.0" SaldoFin="25788.17"/> 
<BCE:Ctas NumCta="600004009" SaldoIni="310.25" Debe="0.0" Haber="0.0" SaldoFin="310.25"/> 
<BCE:Ctas NumCta="600004010" SaldoIni="6237.94" Debe="0.0" Haber="0.0" SaldoFin="12173.29"/> 
<BCE:Ctas NumCta="600004011" SaldoIni="258000" Debe="0.0" Haber="0.0" SaldoFin="284000"/> 
<BCE:Ctas NumCta="600004012" SaldoIni="0" Debe="0.0" Haber="0.0" SaldoFin="0"/> 
<BCE:Ctas NumCta="600004013" SaldoIni="26944.42" Debe="0.0" Haber="0.0" SaldoFin="53888.84"/> 
<BCE:Ctas NumCta="600005001" SaldoIni="61196.46" Debe="0.0" Haber="0.0" SaldoFin="63631.93"/> 
<BCE:Ctas NumCta="600005002" SaldoIni="130423.02" Debe="0.0" Haber="0.0" SaldoFin="153757.02000000002"/> 
<BCE:Ctas NumCta="600005003" SaldoIni="86150.26" Debe="0.0" Haber="0.0" SaldoFin="86150.26"/> 
<BCE:Ctas NumCta="600005004" SaldoIni="2259.38" Debe="0.0" Haber="0.0" SaldoFin="2259.38"/> 
<BCE:Ctas NumCta="600005006" SaldoIni="18995" Debe="0.0" Haber="0.0" SaldoFin="21687.24"/> 
<BCE:Ctas NumCta="600005007" SaldoIni="510454.62" Debe="0.0" Haber="0.0" SaldoFin="538076.22"/> 
<BCE:Ctas NumCta="600005008" SaldoIni="62068.96" Debe="0.0" Haber="0.0" SaldoFin="94153.20999999999"/> 
<BCE:Ctas NumCta="600006002" SaldoIni="11989.15" Debe="0.0" Haber="0.0" SaldoFin="12990.7"/> 
<BCE:Ctas NumCta="600006003" SaldoIni="60913.84" Debe="0.0" Haber="0.0" SaldoFin="67546.41"/> 
<BCE:Ctas NumCta="600006004" SaldoIni="313794.04" Debe="0.0" Haber="0.0" SaldoFin="313794.04"/> 
<BCE:Ctas NumCta="600007001" SaldoIni="0" Debe="0.0" Haber="0.0" SaldoFin="0"/> 
<BCE:Ctas NumCta="600007002" SaldoIni="232899.94" Debe="0.0" Haber="0.0" SaldoFin="243542.15"/> 
<BCE:Ctas NumCta="600007003" SaldoIni="2733595.36" Debe="0.0" Haber="0.0" SaldoFin="3647419.36"/> 
<BCE:Ctas NumCta="600007004" SaldoIni="27122.09" Debe="0.0" Haber="0.0" SaldoFin="28437.68"/> 
<BCE:Ctas NumCta="600007005" SaldoIni="6928.17" Debe="0.0" Haber="0.0" SaldoFin="6928.17"/> 
<BCE:Ctas NumCta="600007006" SaldoIni="4960" Debe="0.0" Haber="0.0" SaldoFin="4960"/> 
<BCE:Ctas NumCta="600007007" SaldoIni="41107.39" Debe="0.0" Haber="0.0" SaldoFin="41107.39"/> 
<BCE:Ctas NumCta="600007008" SaldoIni="29521.879999999997" Debe="0.0" Haber="0.0" SaldoFin="29521.879999999997"/> 
<BCE:Ctas NumCta="600007009" SaldoIni="0" Debe="0.0" Haber="0.0" SaldoFin="0"/> 
<BCE:Ctas NumCta="600007010" SaldoIni="0" Debe="0.0" Haber="0.0" SaldoFin="0"/> 
<BCE:Ctas NumCta="600007012" SaldoIni="253083.36" Debe="0.0" Haber="0.0" SaldoFin="253083.36"/> 
<BCE:Ctas NumCta="600007013" SaldoIni="0" Debe="0.0" Haber="0.0" SaldoFin="0"/> 
<BCE:Ctas NumCta="600007014" SaldoIni="175000" Debe="0.0" Haber="0.0" SaldoFin="175000"/> 
<BCE:Ctas NumCta="600007015" SaldoIni="0" Debe="0.0" Haber="0.0" SaldoFin="0"/> 
<BCE:Ctas NumCta="600007016" SaldoIni="0" Debe="0.0" Haber="0.0" SaldoFin="0"/> 
<BCE:Ctas NumCta="600008001" SaldoIni="1893642.2" Debe="0.0" Haber="0.0" SaldoFin="2045229.78"/> 
<BCE:Ctas NumCta="700001001" SaldoIni="32040.07" Debe="0.0" Haber="0.0" SaldoFin="32040.07"/> 
<BCE:Ctas NumCta="700001002" SaldoIni="6739.74000000001" Debe="0.0" Haber="0.0" SaldoFin="6989.57000000001"/> 
</BCE:Balanza>